<record><leader>00000cas a22000007a 4500</leader><controlfield tag="001">29196919</controlfield><controlfield tag="008">931026c197u9999mouwr ne      0    0eng d</controlfield><datafield ind1=" " ind2=" " tag="010"><subfield code="a">sn 93060084 </subfield></datafield><datafield ind1=" " ind2=" " tag="040"><subfield code="a">MQN</subfield><subfield code="b">eng</subfield><subfield code="c">MQN</subfield><subfield code="d">OCL</subfield><subfield code="d">OCLCQ</subfield></datafield><datafield ind1=" " ind2=" " tag="042"><subfield code="a">msc</subfield></datafield><datafield ind1="0" ind2=" " tag="130"><subfield code="a">Delta news (Kennett, Mo.)</subfield></datafield><datafield ind1="1" ind2="4" tag="245"><subfield code="a">The delta news.</subfield></datafield><datafield ind1="3" ind2="0" tag="246"><subfield code="a">Sunday delta news</subfield></datafield><datafield ind1=" " ind2=" " tag="260"><subfield code="a">Kennett, Mo. :</subfield><subfield code="b">Midwest Pub. Co.</subfield></datafield><datafield ind1=" " ind2=" " tag="300"><subfield code="a">v.</subfield></datafield><datafield ind1=" " ind2=" " tag="310"><subfield code="a">Weekly,</subfield><subfield code="b">Jan. 3, 1979-</subfield></datafield><datafield ind1=" " ind2=" " tag="321"><subfield code="a">Weekly,</subfield><subfield code="b">&lt;June 15, 1977&gt;-Aug. 31, 1977</subfield></datafield><datafield ind1=" " ind2=" " tag="321"><subfield code="a">Semiweekly,</subfield><subfield code="b">Sept. 4, 1977-&lt;Dec. 27, 1978&gt;</subfield></datafield><datafield ind1=" " ind2=" " tag="500"><subfield code="a">Publication offices moved to Malden, Mo. on June 29, 1977. Separate editions issued for Kennett and Malden, &lt;June 22, 1977&gt;-Dec. 27, 1978.</subfield></datafield><datafield ind1=" " ind2=" " tag="500"><subfield code="a">Sunday edition called Sunday delta news, Sept. 4-25, 1977.</subfield></datafield><datafield ind1=" " ind2=" " tag="588"><subfield code="a">Description based on: June 15, 1977.</subfield></datafield><datafield ind1=" " ind2="4" tag="651"><subfield code="a">Dunklin County (Mo.)</subfield><subfield code="v">Newspapers.</subfield></datafield><datafield ind1=" " ind2=" " tag="752"><subfield code="a">United States</subfield><subfield code="b">Missouri</subfield><subfield code="c">Dunklin</subfield><subfield code="d">Kennett.</subfield></datafield><datafield ind1=" " ind2=" " tag="752"><subfield code="a">United States</subfield><subfield code="b">Missouri</subfield><subfield code="c">Dunklin</subfield><subfield code="d">Malden.</subfield></datafield><datafield ind1="1" ind2=" " tag="029"><subfield code="a">AU@</subfield><subfield code="b">000021635760</subfield></datafield></record>